%% This BibTeX bibliography file was created using BibDesk.
%% https://bibdesk.sourceforge.io/

%% Created for 김호성 at 2025-08-02 15:31:16 +0900 


%% Saved with string encoding Unicode (UTF-8) 



@proceedings{RTMP,
	date-added = {2025-08-02 15:27:11 +0900},
	date-modified = {2025-08-02 15:30:48 +0900},
	editor = {Parmar, H. and Thornburgh, M.},
	organization = {Adobe},
	title = {Adobe's Real Time Messaging Protocol},
	year = {2012}}

@misc{Xcode,
	author = {Apple},
	date-added = {2025-08-02 15:07:03 +0900},
	date-modified = {2025-08-02 15:19:46 +0900},
	howpublished = {\url{https://developer.apple.com/kr/xcode}},
	title = {Xcode}}

@misc{Spring,
	date-added = {2025-08-02 15:06:32 +0900},
	date-modified = {2025-08-02 15:06:50 +0900},
	howpublished = {\url{https://spring.io/}},
	title = {Spring}}

@misc{ReplayKit,
	author = {Apple},
	date-added = {2025-08-02 01:16:17 +0900},
	date-modified = {2025-08-02 01:16:43 +0900},
	howpublished = {\url{https://developer.apple.com/documentation/ReplayKit}},
	title = {ReplayKit}}

@misc{Network,
	author = {Apple},
	date-added = {2025-08-02 01:15:24 +0900},
	date-modified = {2025-08-02 15:06:23 +0900},
	howpublished = {\url{https://developer.apple.com/documentation/Network}},
	title = {Network}}

@misc{NGINX,
	date-added = {2025-08-02 00:58:48 +0900},
	date-modified = {2025-08-02 01:14:21 +0900},
	howpublished = {\url{https://nginx.org/}},
	title = {NGINX}}
