%% This BibTeX bibliography file was created using BibDesk.
%% https://bibdesk.sourceforge.io/

%% Created for 김호성 at 2025-08-20 02:14:23 +0900 


%% Saved with string encoding Unicode (UTF-8) 



@misc{martin2017clean,
	author = {Martin, R.C.},
	date-added = {2025-08-20 01:56:13 +0900},
	date-modified = {2025-08-20 02:13:17 +0900},
	publisher = {Pearson Education},
	series = {Robert C. Martin Series},
	title = {Clean Architecture: A Craftsman's Guide to Software Structure and Design},
	year = {2017},
	bdsk-url-1 = {https://books.google.co.kr/books?id=uGE1DwAAQBAJ}}

@misc{PencilKit,
	date-added = {2025-08-16 01:39:22 +0900},
	date-modified = {2025-08-16 01:44:28 +0900},
	howpublished = {\url{https://developer.apple.com/documentation/pencilkit}},
	title = {PencilKit}}

@misc{MicrosoftTeams,
	date-added = {2025-08-16 01:34:48 +0900},
	date-modified = {2025-08-16 01:51:23 +0900},
	howpublished = {\\\url{https://www.microsoft.com/microsoft-teams/group-chat-software}},
	title = {Microsoft Teams}}

@misc{GoogleMeet,
	date-added = {2025-08-16 01:33:12 +0900},
	date-modified = {2025-08-16 01:34:01 +0900},
	howpublished = {\url{https://meet.google.com/}},
	title = {Google Meet}}

@misc{Zoom,
	date-added = {2025-08-16 01:31:20 +0900},
	date-modified = {2025-08-16 01:32:08 +0900},
	howpublished = {\url{https://www.zoom.com/}},
	title = {Zoom}}

@misc{Webex,
	date-added = {2025-08-16 01:29:39 +0900},
	date-modified = {2025-08-16 01:32:01 +0900},
	howpublished = {\url{https://www.webex.com/}},
	title = {Cisco Webex}}

@misc{SwiftStomp,
	date-added = {2025-08-05 15:24:22 +0900},
	date-modified = {2025-08-05 15:24:22 +0900},
	howpublished = {\url{https://github.com/Romixery/SwiftStomp}},
	title = {SwiftStomp}}

@misc{STOMP,
	date-added = {2025-08-05 15:24:18 +0900},
	date-modified = {2025-08-05 15:24:18 +0900},
	howpublished = {\url{https://stomp.github.io/}},
	title = {Simple Text Oriented Messaging Protocol}}

@misc{PDFKit,
	date-added = {2025-08-05 15:24:12 +0900},
	date-modified = {2025-08-16 01:44:24 +0900},
	howpublished = {\url{https://developer.apple.com/documentation/pdfkit}},
	title = {PDFKit}}

@misc{HaishinKit,
	date-added = {2025-08-05 15:24:06 +0900},
	date-modified = {2025-08-05 15:24:06 +0900},
	howpublished = {\url{https://github.com/HaishinKit/HaishinKit.swift}},
	title = {HaishinKit.swift}}

@proceedings{RTMP,
	date-added = {2025-08-02 15:27:11 +0900},
	date-modified = {2025-08-20 02:14:17 +0900},
	editor = {Parmar, H. and Thornburgh, M.},
	organization = {Adobe},
	title = {Adobe's Real Time Messaging Protocol},
	year = {2012}}

@misc{Xcode,
	date-added = {2025-08-02 15:07:03 +0900},
	date-modified = {2025-08-16 01:44:38 +0900},
	howpublished = {\url{https://developer.apple.com/kr/xcode}},
	title = {Xcode}}

@misc{Spring,
	date-added = {2025-08-02 15:06:32 +0900},
	date-modified = {2025-08-02 15:06:50 +0900},
	howpublished = {\url{https://spring.io/}},
	title = {Spring}}

@misc{ReplayKit,
	date-added = {2025-08-02 01:16:17 +0900},
	date-modified = {2025-08-16 01:44:33 +0900},
	howpublished = {\url{https://developer.apple.com/documentation/ReplayKit}},
	title = {ReplayKit}}

@misc{Network,
	date-added = {2025-08-02 01:15:24 +0900},
	date-modified = {2025-08-16 01:44:20 +0900},
	howpublished = {\url{https://developer.apple.com/documentation/Network}},
	title = {Network}}

@misc{NGINX,
	date-added = {2025-08-02 00:58:48 +0900},
	date-modified = {2025-08-02 01:14:21 +0900},
	howpublished = {\url{https://nginx.org/}},
	title = {NGINX}}
