%% This BibTeX bibliography file was created using BibDesk.
%% https://bibdesk.sourceforge.io/

%% Created for 김호성 at 2025-08-02 15:32:33 +0900 


%% Saved with string encoding Unicode (UTF-8) 



@misc{ReplayKit,
	author = {Apple},
	date-added = {2025-08-02 01:16:17 +0900},
	date-modified = {2025-08-02 01:16:43 +0900},
	howpublished = {\url{https://developer.apple.com/documentation/ReplayKit}},
	title = {ReplayKit}}

@misc{PDFKit,
	author = {Apple},
	date-added = {2025-08-02 01:15:24 +0900},
	date-modified = {2025-08-02 01:15:46 +0900},
	howpublished = {\url{https://developer.apple.com/documentation/pdfkit}},
	title = {PDFKit}}

@misc{SwiftStomp,
	date-added = {2025-08-02 01:14:58 +0900},
	date-modified = {2025-08-02 01:15:19 +0900},
	howpublished = {\url{https://github.com/Romixery/SwiftStomp}},
	title = {SwiftStomp}}

@misc{STOMP,
	date-added = {2025-08-02 01:14:27 +0900},
	date-modified = {2025-08-02 01:14:52 +0900},
	howpublished = {\url{https://stomp.github.io/}},
	title = {Simple Text Oriented Messaging Protocol}}

@misc{HaishinKit,
	date-added = {2025-08-02 01:12:30 +0900},
	date-modified = {2025-08-02 01:30:30 +0900},
	howpublished = {\url{https://github.com/HaishinKit/HaishinKit.swift}},
	title = {HaishinKit.swift}}

@misc{NGINX,
	date-added = {2025-08-02 00:58:48 +0900},
	date-modified = {2025-08-02 01:14:21 +0900},
	howpublished = {\url{https://nginx.org/}},
	title = {NGINX}}

@proceedings{RTMP,
	date-added = {2025-08-02 00:50:15 +0900},
	date-modified = {2025-08-02 15:32:28 +0900},
	editor = {Parmar, H. and Thornburgh, M.},
	organization = {Adobe},
	title = {Adobe's Real Time Messaging Protocol},
	year = {2012}}
