%% This BibTeX bibliography file was created using BibDesk.
%% https://bibdesk.sourceforge.io/

%% Created for 김호성 at 2025-08-05 17:42:15 +0900 


%% Saved with string encoding Unicode (UTF-8) 



@misc{UISlider,
	author = {Apple},
	date-added = {2025-08-05 17:41:37 +0900},
	date-modified = {2025-08-05 17:42:05 +0900},
	howpublished = {\url{https://developer.apple.com/documentation/uikit/uislider}},
	title = {UISlider}}

@misc{SwiftStomp,
	date-added = {2025-08-05 15:24:22 +0900},
	date-modified = {2025-08-05 15:24:22 +0900},
	howpublished = {\url{https://github.com/Romixery/SwiftStomp}},
	title = {SwiftStomp}}

@misc{STOMP,
	date-added = {2025-08-05 15:24:18 +0900},
	date-modified = {2025-08-05 15:24:18 +0900},
	howpublished = {\url{https://stomp.github.io/}},
	title = {Simple Text Oriented Messaging Protocol}}

@misc{PDFKit,
	author = {Apple},
	date-added = {2025-08-05 15:24:12 +0900},
	date-modified = {2025-08-05 15:24:12 +0900},
	howpublished = {\url{https://developer.apple.com/documentation/pdfkit}},
	title = {PDFKit}}

@misc{HaishinKit,
	date-added = {2025-08-05 15:24:06 +0900},
	date-modified = {2025-08-05 15:24:06 +0900},
	howpublished = {\url{https://github.com/HaishinKit/HaishinKit.swift}},
	title = {HaishinKit.swift}}

@proceedings{RTMP,
	date-added = {2025-08-02 15:27:11 +0900},
	date-modified = {2025-08-02 15:30:48 +0900},
	editor = {Parmar, H. and Thornburgh, M.},
	organization = {Adobe},
	title = {Adobe's Real Time Messaging Protocol},
	year = {2012}}

@misc{Xcode,
	author = {Apple},
	date-added = {2025-08-02 15:07:03 +0900},
	date-modified = {2025-08-02 15:19:46 +0900},
	howpublished = {\url{https://developer.apple.com/kr/xcode}},
	title = {Xcode}}

@misc{Spring,
	date-added = {2025-08-02 15:06:32 +0900},
	date-modified = {2025-08-02 15:06:50 +0900},
	howpublished = {\url{https://spring.io/}},
	title = {Spring}}

@misc{ReplayKit,
	author = {Apple},
	date-added = {2025-08-02 01:16:17 +0900},
	date-modified = {2025-08-02 01:16:43 +0900},
	howpublished = {\url{https://developer.apple.com/documentation/ReplayKit}},
	title = {ReplayKit}}

@misc{Network,
	author = {Apple},
	date-added = {2025-08-02 01:15:24 +0900},
	date-modified = {2025-08-02 15:06:23 +0900},
	howpublished = {\url{https://developer.apple.com/documentation/Network}},
	title = {Network}}

@misc{NGINX,
	date-added = {2025-08-02 00:58:48 +0900},
	date-modified = {2025-08-02 01:14:21 +0900},
	howpublished = {\url{https://nginx.org/}},
	title = {NGINX}}
